%*** B{\"{u}}cher ***

@BOOK{Atkins,
      AUTHOR = "Peter W. Atkins",
      TITLE = "{Physikalische Chemie}",
      PUBLISHER = "VCH Verlagsgesellschaft GmbH",
      VOLUME = 2,
      YEAR = 1990}

@BOOK{FCHB,
      AUTHOR = "U.S. Department of Energy",
      TITLE = "{Fuel Cell Handbook}",
      PUBLISHER = "National Technical Information Service, U.S. Department of Commerce",
      EDITION = 7,
      YEAR = 2004}

@BOOK{HFC,
      AUTHOR = "Wolf Vielstich, Arnold Lamm and Hubert A. Gasteiger",
      TITLE = "{Handbook of Fuel Cells Vol. 1}",
      PUBLISHER = "John Wiley \& Sons Ltd",
      EDITION = 1,
      YEAR = 2003}

@BOOK{FCSE,
      AUTHOR = "James Larminie and Andrew Dicks",
      TITLE = "{Fuel Cell Systems Explained}",
      PUBLISHER = "John Wiley \& Sons Ltd",
      EDITION = 2,
      YEAR = 2004}

@BOOK{SAEJ2572,
      AUTHOR = "SAE",
      TITLE = "{SAE J2572: Recommended Practice for Measuring Fuel Consumption and Range of Fuel Cell and Hybrid Fuel Cell Vehicles Fuelled by Compressed Gaseous Hydrogen}",
      PUBLISHER = "SAE International",
      YEAR = {2008-10}}

@BOOK{SAEJ2615,
      AUTHOR = "Performance Working Group within the SAE Fuel Cell Standards Committee",
      TITLE = "{SAE J2615: Testing Performance of Fuel Cell Systems for Automotive Applications}",
      PUBLISHER = "SAE International",
      YEAR = {Jan2005}}

@BOOK{SAEJ2617,
      AUTHOR = "Performance Working Group within the SAE Fuel Cell Standards Committee",
      TITLE = "{SAE J2617: Recommended Practice for testing Performance of PEM Fuel Cell Stack Sub-system for Automotive Applications}",
      PUBLISHER = "SAE International",
      YEAR = {Nov2007}}

@BOOK{IEC62282-1,
      AUTHOR = "BSI Technical Committee GEL/105, Fuel Cell Technologies",
      TITLE = "{DD IEC TS 62282-1:2005 Fuel cell technologies - Part 1: Terminology}",
      PUBLISHER = "BSI British Standards",
      YEAR = {18 April 2005}}

@BOOK{ASME,
      AUTHOR = "A. J. Leo (Chair)",
      TITLE = "{ASME PTC 50-2002 Fuel Cell Power Systems Performance}",
      PUBLISHER = "The American Society of Mechanical Engineers",
      YEAR = {November 29, 2002}}

@BOOK{DIN1343,
      AUTHOR = "DIN",
      TITLE = "{DIN 1343 Reference conditions, normal conditions, normal volume; concepts and values}",
      PUBLISHER = "DIN Deutsches Institut fuer Normung e. V.",
      YEAR = {1990}}

@BOOK{DIN51857,
      AUTHOR = "DIN",
      TITLE = "{DIN 51857 Gaseous fuels and other gases - Calculation of calorific value, density, relative density and Wobbe index of pure gases and gas mixtures}",
      PUBLISHER = "DIN Deutsches Institut fuer Normung e. V.",
      YEAR = {1990}}

@BOOK{DIN_62282-3-2,
      AUTHOR = "DIN",
      TITLE = "{DIN IEC 62282-3-2 Fuel cell technologies - Part 3-2: Stationary fuel cell power systems}",
      PUBLISHER = "DIN Deutsches Institut fuer Normung e. V.",
      YEAR = {July 2009}}

@BOOK{HCP,
      AUTHOR = "David R. Lide",
      TITLE = "{CRC Handbook of Chemistry and Physics, Internet Version 2005}",
      PUBLISHER = "http://www.hbcpnetbase.com, CRC Press",
      YEAR = 2005}

@BOOK{TT,
      AUTHOR = "Prof. Dr.–Ing. K. Schaber",
      TITLE = "{Skriptum Technische Thermodynamik für Studierende des Chemieingenieurwesens, der Verfahrenstechnik und des Bioingenieurwesens}",
      PUBLISHER = "Institut für Technische Thermodynamik und Kältetechnik ITTK der Universität Karlsruhe (TH)",
      EDITION = {July 2005}}

@MISC{Wiki_STP,
      AUTHOR = "Wikipedia",
      TITLE = "{Standard conditions for temperature and pressure}",
      HOWPUBLISHED = "http://en.wikipedia.org/wiki/Standard conditions for temperature and pressure",
      YEAR = {July 2010}}

@BOOK{WMO49,
      AUTHOR = "Resolution 26 (EC-64)",
      TITLE = "{WMO Technical Regulations, Basic Documents No. 2, Volume I General Meteorological Standards and Recommended Practices}",
      PUBLISHER = "World Meteorological Organization (WMO)",
      EDITION = {July 2012},
      YEAR = 2012}

@MASTERSTHESIS{Dipl:Kabza,
      AUTHOR = "Alexander Kabza",
      TITLE = "{Entwicklung einer Software zum durchmesserkontrollierten Wachstum
               von Einkristallen nach dem Czochralski-Verfahren}",
      SCHOOL = "Universit{\"{a}}t Ulm",
      YEAR = 1997}
@MISC{NIST,
      AUTHOR = "http://physics.nist.gov/cuu/Constants/index.html",
      TITLE = "{NIST Fundamental Physical Constants}"}
@MISC{WIKI,
      AUTHOR = "http://www.wikipedia.org/",
      TITLE = "Wikipedia"}
@MISC{EngToolBox,
      AUTHOR = "http://www.engineeringtoolbox.com",
      TITLE = "The Engineering ToolBox"}

@MISC{Winklmair,
      AUTHOR = "Prof. Dr. Dieter Winklmair",
      TITLE = "{Script Energie- und W{\"{a}}rmechnik, http://www.winklmair.de/ewt/folien-1.pdf}",
      YEAR = "August 2010"}

%*** Handb"ucher ***
@MANUAL{man:kanthal,
      TITLE = "{Kanthal Handbuch}",
      AUTHOR = "{Kanthal GmbH}",
      ADDRESS = "{Postfach 2440, D-64535 M"orfelden-Walldorf}",
      YEAR = 1994}
@TECHREPORT{lit:HP,
      AUTHOR = "Hewlett-Packard",
      TITLE = "{Basics of measuring the dielectric properties of materials}",
      INSTITUTION = "Hewlett-Packard Company",
      YEAR = 1992,
      NUMBER = "5091-3300E",
      NOTE = "Application Note 1217-1"}


%*** Artikel aus (diversen) Zeitschriften ***

%*** Stichwort: E = E0 - b log i - R i
@ARTICLE{lit:Srinivasan,
	AUTHOR = "S. Srinivasan et al",
	TITLE = "Advances in Solid Polymer Electrolyte Fuel Cell technology with low platinum loading electrodes",
	JOURNAL = "J. of Power Sources",
	VOLUME = 22,
	PAGES = "359 - 375",
	YEAR = 1988}

%*** Stichwort: E = E0 - b log i - R i - m exp(ni)
@ARTICLE{lit:Kim,
	AUTHOR = "J. Kim et al",
	TITLE = "Modeling of PEMFC performance with an empirical equation",
	JOURNAL = "J. Electrochem. Soc.",
	VOLUME = 142,
	NUMBER = 8,
	PAGES = "2670 - 2674",
	YEAR = 1995}

@PHDTHESIS{lit:Danzer,
	author       = {Michael A. Danzer}, 
   	title        = {Dynamik und Effizienz von Polymer-Elektrolyt-Brennstoffzellen},
    school       = {Universit{\"{a}}t Ulm},
    year         = 2009}
    
